<?xml version="1.0" encoding="UTF-8"?><collection xmlns="http://www.loc.gov/MARC21/slim"><record><leader>00488nam--2200169-i-4500</leader><controlfield tag="001">000011415</controlfield><controlfield tag="002">20161230</controlfield><controlfield tag="005">20161230201029</controlfield><controlfield tag="008">060222s1000------------r-----000-0-eng-d</controlfield><datafield ind1=" " ind2=" " tag="040"><subfield code="a">IFIN-HH</subfield></datafield><datafield ind1=" " ind2=" " tag="080"><subfield code="a">537.533:539.2</subfield></datafield><datafield ind1="1" ind2=" " tag="100"><subfield code="a">Bube, Richard H</subfield></datafield><datafield ind1="1" ind2="0" tag="245"><subfield code="a">Electronic properties of crystalline solids</subfield><subfield code="b">An introduction to fundamentals</subfield><subfield code="c">Richard h. bube</subfield></datafield><datafield ind1=" " ind2=" " tag="260"><subfield code="a">New York</subfield><subfield code="b">Academic Press</subfield><subfield code="c">1974</subfield></datafield><datafield ind1=" " ind2=" " tag="300"><subfield code="a">XIII + 524 P</subfield></datafield><datafield ind1=" " ind2=" " tag="852"><subfield code="a">42378</subfield><subfield code="c">539.2</subfield></datafield><datafield ind1=" " ind2=" " tag="CAT"><subfield code="a">Sys</subfield><subfield code="c">20101014</subfield><subfield code="h">102415</subfield></datafield></record></collection>